@article{beeping,
    author = "Donner, Jonathan",
    title  = {The Rules of Beeping: Exchanging Messages Via Intentional "Missed Calls" on Mobile Phones},
    publisher = {Journal of Computer-Mediated Communication},
    year   = 2007
}
@article{meshnw-survey,
    author = "Akyildiz, Ian F. and Wang, Xudong and Wang, Weilin",
    title = "Wireless mesh networks: a survey",
    year = 2005,
    publisher = {Jornal of Computer Networks},
}

@misc{jott-techcrunch,
    author = "Buhr, Sarah",
    Title = "Messaging App Jott Is Blowing Up Among Junior High And High Schoolers",
    year = 2015,
    note={\url{https://techcrunch.com/2015/06/08/messaging-app-jott-is-blowing-up-among-junior-high-and-high-schoolers}}
}
@misc{jott-forbes,
    author = "Olsen, Parmy",
    Title = "How Half A Million U.S. Teens Are Texting Without A Data Plan",
    year = 2015,
    note={\url{http://www.forbes.com/sites/parmyolson/2015/06/10/chat-app-jott-teens-mesh-networks/#524447d57d2f}}
}
